<?xml version="1.0" encoding="UTF-8"?><collection xmlns="http://www.loc.gov/MARC21/slim"><record><leader>00451nam--2200181-i-4500</leader><controlfield tag="001">000006852</controlfield><controlfield tag="002">20161230</controlfield><controlfield tag="005">20161230201027</controlfield><controlfield tag="008">060222s1000------------r-----000-0-eng-d</controlfield><datafield ind1=" " ind2=" " tag="040"><subfield code="a">IFIN-HH</subfield></datafield><datafield ind1=" " ind2=" " tag="080"><subfield code="a">539.125.5</subfield></datafield><datafield ind1="1" ind2=" " tag="100"><subfield code="a">Beckurts, K.H</subfield></datafield><datafield ind1=" " ind2=" " tag="245"><subfield code="a">Neutron physics</subfield><subfield code="c">K.h. beckurts, k. wirtz</subfield></datafield><datafield ind1=" " ind2=" " tag="260"><subfield code="a">Berlin</subfield><subfield code="b">Springer-verlag</subfield><subfield code="c">1964</subfield></datafield><datafield ind1=" " ind2=" " tag="300"><subfield code="a">X + 444 P</subfield></datafield><datafield ind1="1" ind2=" " tag="700"><subfield code="a">Wirtz, K</subfield></datafield><datafield ind1=" " ind2=" " tag="852"><subfield code="a">19915</subfield><subfield code="c">539.12</subfield></datafield><datafield ind1=" " ind2=" " tag="CAT"><subfield code="a">Sys</subfield><subfield code="c">20111103</subfield><subfield code="h">135353</subfield></datafield></record></collection>